@article{van2014renyi,
  title={R{\'e}nyi divergence and Kullback-Leibler divergence},
  author={Van Erven, Tim and Harremos, Peter},
  journal={IEEE Transactions on Information Theory},
  volume={60},
  number={7},
  pages={3797--3820},
  year={2014},
  publisher={IEEE}
}

@article{polyanskiy2024information,
  title={Information theory: From coding to learning},
  author={Polyanskiy, Yury and Wu, Yihong},
  year={2024},
  publisher={Cambridge university press}
}

@article{sason2016f,
  title={$ f $-divergence Inequalities},
  author={Sason, Igal and Verd{\'u}, Sergio},
  journal={IEEE Transactions on Information Theory},
  volume={62},
  number={11},
  pages={5973--6006},
  year={2016},
  publisher={IEEE}
}

@inproceedings{clerc2017pointless,
  title={Pointless learning},
  author={Clerc, Florence and Danos, Vincent and Dahlqvist, Fredrik and Garnier, Ilias},
  booktitle={Foundations of Software Science and Computation Structures: 20th International Conference, FOSSACS 2017, Held as Part of the European Joint Conferences on Theory and Practice of Software, ETAPS 2017, Uppsala, Sweden, April 22-29, 2017, Proceedings 20},
  pages={355--369},
  year={2017},
  organization={Springer}
}

@article{dahlqvist2018borel,
  title={Borel kernels and their approximation, categorically},
  author={Dahlqvist, Fredrik and Silva, Alexandra and Danos, Vincent and Garnier, Ilias},
  journal={Electronic Notes in Theoretical Computer Science},
  volume={341},
  pages={91--119},
  year={2018},
  publisher={Elsevier}
}
